<record><leader>00000cas a2200000 a 4500</leader><controlfield tag="001">19040517</controlfield><controlfield tag="008">890119d18661867iduwr ne      0   a0eng c</controlfield><datafield ind1=" " ind2=" " tag="010"><subfield code="a">sn 89055019 </subfield></datafield><datafield ind1=" " ind2=" " tag="040"><subfield code="a">NVB</subfield><subfield code="b">eng</subfield><subfield code="c">NVB</subfield><subfield code="d">OCLCQ</subfield><subfield code="d">CUI</subfield><subfield code="d">OCLCQ</subfield><subfield code="d">OCLCF</subfield><subfield code="d">DLC</subfield></datafield><datafield ind1=" " ind2=" " tag="012"><subfield code="l">a</subfield></datafield><datafield ind1="0" ind2=" " tag="022"><subfield code="a">2575-2553</subfield><subfield code="2">1</subfield></datafield><datafield ind1=" " ind2=" " tag="042"><subfield code="a">pcc</subfield><subfield code="a">nsdp</subfield></datafield><datafield ind1=" " ind2=" " tag="043"><subfield code="a">n-us-id</subfield></datafield><datafield ind1="1" ind2="0" tag="050"><subfield code="a">ISSN RECORD</subfield></datafield><datafield ind1=" " ind2="4" tag="050"><subfield code="a">AN</subfield></datafield><datafield ind1="1" ind2="0" tag="082"><subfield code="a">070</subfield><subfield code="2">23</subfield></datafield><datafield ind1=" " ind2="0" tag="222"><subfield code="a">Idaho semi-weekly times</subfield></datafield><datafield ind1="0" ind2="0" tag="245"><subfield code="a">Idaho semi-weekly times.</subfield></datafield><datafield ind1=" " ind2=" " tag="260"><subfield code="a">Idaho City, I.T. [Idaho] :</subfield><subfield code="b">Shepherd &amp; Co.</subfield></datafield><datafield ind1=" " ind2=" " tag="300"><subfield code="a">v.</subfield></datafield><datafield ind1=" " ind2=" " tag="310"><subfield code="a">Semiweekly</subfield></datafield><datafield ind1="1" ind2=" " tag="362"><subfield code="a">Began with Sept. 11, 1866; ceased with Mar. 12, 1867.</subfield></datafield><datafield ind1=" " ind2=" " tag="588"><subfield code="a">Description based on: Vol. 1, no. 14 (Nov. 2, 1866).</subfield></datafield><datafield ind1=" " ind2="0" tag="651"><subfield code="a">Idaho City (Idaho)</subfield><subfield code="v">Newspapers.</subfield></datafield><datafield ind1=" " ind2="0" tag="651"><subfield code="a">Boise County (Idaho)</subfield><subfield code="v">Newspapers.</subfield></datafield><datafield ind1=" " ind2="7" tag="651"><subfield code="a">Idaho</subfield><subfield code="z">Boise County.</subfield><subfield code="2">fast</subfield><subfield code="0">(OCoLC)fst01219026</subfield></datafield><datafield ind1=" " ind2="7" tag="651"><subfield code="a">Idaho</subfield><subfield code="z">Idaho City.</subfield><subfield code="2">fast</subfield><subfield code="0">(OCoLC)fst01295399</subfield></datafield><datafield ind1=" " ind2="7" tag="655"><subfield code="a">Newspapers.</subfield><subfield code="2">fast</subfield><subfield code="0">(OCoLC)fst01423814</subfield></datafield><datafield ind1=" " ind2=" " tag="752"><subfield code="a">United States</subfield><subfield code="b">Idaho</subfield><subfield code="c">Boise</subfield><subfield code="d">Idaho City.</subfield></datafield><datafield ind1="0" ind2="8" tag="776"><subfield code="i">Online version:</subfield><subfield code="t">Idaho semi-weekly times</subfield><subfield code="w">(OCoLC)192107315</subfield></datafield><datafield ind1="0" ind2="0" tag="780"><subfield code="t">Idaho tri-weekly union</subfield></datafield><datafield ind1="4" ind2="1" tag="856"><subfield code="u">http://gale.cengage.com/usnewspapers/</subfield><subfield code="z">Available to subscribing institutions</subfield></datafield><datafield ind1="4" ind2="1" tag="856"><subfield code="u">http://proxy.library.cpp.edu/login?url=http://infotrac.galegroup.com/itw/infomark/1/1/1/purl=rc18_NCNP_0__Idaho%20Semi-Weekly%20Times%20(Idaho%20City,%20ID%20[Terr.])?sw_aep=los53368</subfield><subfield code="z">View this publication's electronic version</subfield></datafield></record>